%%==================================================
%% chap1.bib for hhuthesis template
%% modified by caowenhan
%% version: v2.0.0
%% last update: April 7th, 2021
%%==================================================

@book{tongjiju1997,
  author     = {中华人民共和国国家统计局},
  title      = {中国统计年鉴-1997},
  address    = {北京},
  publisher  = {中国统计出版社},
  year       = {1997},
  pages      = {56--60},
  key        = {tong3 ji4 ju2},
}

@mastersthesis{zhengxiaoyu1994,
  author     = {郑孝宇},
  title      = {河网非稳定容量数值计算},
  address    = {南京},
  school     = {河海大学},
  year       = {1994},
  key        = {zheng4 xiao4 yu3},
}

@article{liyitian1997,
  author     = {李义天},
  title      = {河网非恒定流隐式方程组的汊点分组解法},
  journal    = {水利学报},
  year       = {1997},
  volume     = {35},
  number     = {1},
  pages      = {52--56},
  key        = {li3 yi4 tian1},
}

@article{Halts1996,
  author     = {Halts},
  title      = {Two-dimensional numerical modeling of flood wave propagation in an urban area due to dam-break},
  journal    = {Natural Hazards},
  year       = {1996},
  volume     = {81},
  number     = {3},
  pages      = {2103--2119},
}






